<?xml version="1.0" encoding="UTF-8"?>
<con:testSuite id="09ca1738-7b14-4ed5-8c08-544fdb1f679b" name="TestSuite-DEV-CAMT54.001.08" disabled="true" xmlns:con="http://eviware.com/soapui/config">
  <con:description>Contains test-cases for creation camt054.001.08  files based on specs and templates from user story: 
https://jira.telefonica.de/browse/DRC-4866</con:description>
  <con:settings>
    <con:setting id="5068a3c1-1afc-4686-a2f7-8e7d5e1a0208fileName">TestSuite-DEV-CAMT54</con:setting>
    <con:setting id="09ca1738-7b14-4ed5-8c08-544fdb1f679bfileName">TestSuite-DEV-CAMT54.001.08</con:setting>
  </con:settings>
  <con:savedRecentRuns>1</con:savedRecentRuns>
  <con:runType>SEQUENTIAL</con:runType>
  <con:properties>
    <con:property>
      <con:name>TargetDir</con:name>
      <con:value>${drc_target_dir}/CAMT54-Files</con:value>
    </con:property>
    <con:property>
      <con:name>TargetFileCredit</con:name>
      <con:value>${#Project#DateTime_Current_String_yyyyMMddHHmmssSSS}-CAMT54-Credit.xml</con:value>
    </con:property>
    <con:property>
      <con:name>TargetFileDebit</con:name>
      <con:value>${#Project#DateTime_Current_String_yyyyMMddHHmmssSSS}-CAMT54-Debit.xml</con:value>
    </con:property>
    <con:property>
      <con:name>CAMT54-Header</con:name>
      <con:value><![CDATA[<?xml version="1.0" encoding="UTF-8" ?> <Document xmlns="urn:iso:std:iso:20022:tech:xsd:camt.054.001.08" xmlns:xsi="http://www.w3.org/2001/XMLSchema-instance"> 	<BkToCstmrDbtCdtNtfctn> 		<GrpHdr> 			<MsgId>CTX${Run-GetData#YYYYMMddHHmmssSSS}01</MsgId> 			<CreDtTm>2016-06-24T13:06:33+02:00</CreDtTm> 			<MsgRcpt> 				<Nm>Telefonica Germany GmbH  +  Co. OHG</Nm> 				<PstlAdr> 					<AdrLine>Postpoint 24 OG rechts</AdrLine> 					<AdrLine>Georg-Brauchle-Ring 50</AdrLine> 					<AdrLine>80992 Müenchen</AdrLine> 				</PstlAdr> 			</MsgRcpt> 			<AddtlInf>Überweisung oder Rücklastschrift</AddtlInf> 		</GrpHdr> 		<Ntfctn> 			<Id>0000000020160624130633652${Run-GetData#Random5}</Id> 			<NtfctnPgntn> 				<PgNb>1</PgNb> 				<LastPgInd>true</LastPgInd> 			</NtfctnPgntn> 			<ElctrncSeqNb>${Run-GetData#Random3}</ElctrncSeqNb> 			<CreDtTm>2016-06-24T13:06:33+02:00</CreDtTm> 			<Acct> 				<Id> 					<IBAN>DE99999999999999999990</IBAN> 				</Id> 				<Ccy>EUR</Ccy> 				<Nm>Telefonica O2</Nm> 				<Ownr> 					<Nm>Telefonica Germany GmbH  +  Co. OHG</Nm> 					<PstlAdr> 						<AdrLine>Postpoint 24 OG rechts</AdrLine> 						<AdrLine>Georg-Brauchle-Ring 50</AdrLine> 						<AdrLine>Muenchen</AdrLine> 					</PstlAdr> 				</Ownr> 				<Svcr> 					<FinInstnId> 						<BICFI>TEFXXXXXXXX</BICFI> 						<Nm>UNICREDIT BANK AG</Nm> 						<Othr> 							<Id>DE129273380</Id> 							<Issr>UmsStId</Issr> 						</Othr> 					</FinInstnId> 				</Svcr> 			</Acct> 			<Ntry> 				<Amt Ccy="EUR">${#TestCase#TotalAmount}</Amt> 				<CdtDbtInd>${#TestCase#Type}</CdtDbtInd> 				<Sts> 					<Cd>BOOK</Cd> 				</Sts> 				<BookgDt> 					<Dt>2016-06-24</Dt> 				</BookgDt> 				<ValDt> 					<Dt>2016-06-24</Dt> 				</ValDt> 				<BkTxCd> 					<Prtry> 						<Cd>NTRF+194+100</Cd> 						<Issr>ZKA</Issr> 					</Prtry> 				</BkTxCd> 				<NtryDtls> 					<Btch> 						<MsgId>CTX${Run-GetData#YYYYMMddHHmmssSSS}01</MsgId> 						<NbOfTxs>${#TestCase#Count}</NbOfTxs> 						<TtlAmt Ccy="EUR">${#TestCase#TotalAmount}</TtlAmt> 						<CdtDbtInd>${#TestCase#Type}</CdtDbtInd> 					</Btch>]]></con:value>
    </con:property>
    <con:property>
      <con:name>CAMT54-Header-Bankday</con:name>
      <con:value><![CDATA[<?xml version="1.0" encoding="UTF-8" ?> <Document xmlns="urn:iso:std:iso:20022:tech:xsd:camt.054.001.08" xmlns:xsi="http://www.w3.org/2001/XMLSchema-instance"> 	<BkToCstmrDbtCdtNtfctn> 		<GrpHdr> 			<MsgId>CTX${Run-GetData#YYYYMMddHHmmssSSS}01</MsgId> 			<CreDtTm>${#Project#DateTime_Current_Offset}</CreDtTm> 			<MsgRcpt> 				<Nm>${#Project#ChargeCustomer-1-1-AccountName}</Nm> 				<PstlAdr> 					<AdrLine>Postpoint 24 OG rechts</AdrLine> 					<AdrLine>${#Project#ChargeCustomer-1-1-CreditorStreet}</AdrLine> 					<AdrLine>${#Project#ChargeCustomer-1-1-CreditorCity}</AdrLine> 				</PstlAdr> 			</MsgRcpt>			 			<AddtlInf>Überweisung oder Rücklastschrift</AddtlInf> 		</GrpHdr> 		<Ntfctn> 			<Id>00000000${#Project#DateTime_Current_String_yyyyMMddHHmmssSSS}${Run-GetData#Random5}</Id> 			<NtfctnPgntn> 				<PgNb>1</PgNb> 				<LastPgInd>true</LastPgInd> 			</NtfctnPgntn> 			<ElctrncSeqNb>${Run-GetData#Random3}</ElctrncSeqNb> 			<CreDtTm>${#Project#DateTime_Current_Offset}</CreDtTm> 			<Acct> 				<Id> 					<IBAN>${#Project#ChargeCustomer-1-1-IBAN}</IBAN> 				</Id> 				<Ccy>EUR</Ccy> 				<Nm>${#Project#ChargeCustomer-1-1-CreditorName}</Nm> 				<Ownr> 					<Nm>${#Project#ChargeCustomer-1-1-AccountName}</Nm> 					<PstlAdr> 						<AdrLine>Postpoint 24 OG rechts</AdrLine> 						<AdrLine>${#Project#ChargeCustomer-1-1-CreditorStreet}</AdrLine> 						<AdrLine>${#Project#ChargeCustomer-1-1-CreditorCity}</AdrLine> 					</PstlAdr> 				</Ownr> 				<Svcr> 					<FinInstnId> 						<BICFI>${#Project#ChargeCustomer-1-1-BIC}</BICFI> 						<Nm>UNICREDIT BANK AG</Nm> 						<Othr> 							<Id>DE129273380</Id> 							<Issr>UmsStId</Issr> 						</Othr> 					</FinInstnId> 				</Svcr> 			</Acct> 			<Ntry> 				<Amt Ccy="EUR">${#TestCase#TotalAmount}</Amt> 				<CdtDbtInd>${#TestCase#Type}</CdtDbtInd> 				<Sts> 					<Cd>BOOK</Cd> 				</Sts> 				<BookgDt> 					<DtTm>${#TestCase#BankDay_DateTime}</DtTm> 				</BookgDt> 				<ValDt> 					<DtTm>${#TestCase#BankDay_DateTime}</DtTm> 				</ValDt> 				<BkTxCd> 					<Domn> 						<Cd>PMNT</Cd> 						<Fmly> 							<Cd>RCDT</Cd> 							<SubFmlyCd>ESCT</SubFmlyCd> 						</Fmly> 					</Domn> 					<Prtry> 						<Cd>NTRF+194+100</Cd> 						<Issr>ZKA</Issr> 					</Prtry> 				</BkTxCd> 				<NtryDtls> 					<Btch> 						<MsgId>CTX${Run-GetData#YYYYMMddHHmmssSSS}01</MsgId> 						<NbOfTxs>${#TestCase#Count}</NbOfTxs> 						<TtlAmt Ccy="EUR">${#TestCase#TotalAmount}</TtlAmt> 						<CdtDbtInd>${#TestCase#Type}</CdtDbtInd> 					</Btch>]]></con:value>
    </con:property>
    <con:property>
      <con:name>CAMT54-Credit-Middle</con:name>
      <con:value><![CDATA[<TxDtls> 	<Refs> 		<EndToEndId>ZV${Run-GetData#String20}01</EndToEndId> 		<TxId>CTC${Run-GetData#String20}0002</TxId> 	</Refs> 	<Amt Ccy="EUR">${#TestCase#Amount}</Amt> 	<AmtDtls> 		<InstdAmt> 			<Amt Ccy="EUR">${#TestCase#Amount}</Amt> 		</InstdAmt> 	</AmtDtls> 	<BkTxCd> 		<Prtry> 			<Cd>NTRF+166+100</Cd> 			<Issr>ZKA</Issr> 		</Prtry> 	</BkTxCd> 	<Chrgs> 		<Rcrd> 			<Amt Ccy="EUR">3.00</Amt> 			<ChrgInclInd>true</ChrgInclInd> 			<Tp> 				<Prtry> 					<Id>Fremdentgelt</Id> 				</Prtry> 			</Tp> 			<Agt> 				<FinInstnId> 					<BICFI>BELADEBEXXX</BICFI> 				</FinInstnId> 			</Agt> 		</Rcrd> 	</Chrgs> 	<RltdPties> 		<Dbtr> 			<Pty> 				<Nm>${Run-GetData#Name} - Testüberweisung CAMT54 Credit</Nm> 			</Pty> 		</Dbtr> 		<DbtrAcct> 			<Id> 				<IBAN>${#Project#Customer-IBAN}</IBAN> 			</Id> 		</DbtrAcct> 		<Cdtr> 			<Pty> 				<Nm>Telefonica Germany GmbH  +  Co. OHG</Nm> 			</Pty> 		</Cdtr> 		<CdtrAcct> 			<Id> 				<IBAN>DE99999999999999999990</IBAN> 			</Id> 		</CdtrAcct> 	</RltdPties> 	<RltdAgts> 		<DbtrAgt> 			<FinInstnId> 				<BICFI>PBNKDEFFXXX</BICFI> 			</FinInstnId> 		</DbtrAgt> 		<CdtrAgt> 			<FinInstnId> 				<BICFI>TEFXXXXXXXX</BICFI> 			</FinInstnId> 		</CdtrAgt> 	</RltdAgts> 	<RmtInf> 		<Ustrd>${#TestCase#MSISDN}-${#TestCase#CheckCode} DRC Testaufladung. Credit</Ustrd> 	</RmtInf> 	<AddtlTxInf>SEPA-Gutschrift</AddtlTxInf> </TxDtls>]]></con:value>
    </con:property>
    <con:property>
      <con:name>CAMT54-Debit-Middle</con:name>
      <con:value><![CDATA[<TxDtls> 	<Refs> 		<EndToEndId>${#TestCase#EndToEndID}</EndToEndId> 		<TxId>TxId${Run-GetData#String20}</TxId> 		<MndtId>MndtId${Run-GetData#String20}</MndtId> 	</Refs> 	<Amt Ccy="EUR">${#TestCase#Amount+Fee}</Amt> 	<AmtDtls> 		<InstdAmt> 			<Amt Ccy="EUR">${#TestCase#Amount}</Amt> 		</InstdAmt> 	</AmtDtls>	 	<BkTxCd> 		<Domn> 			<Cd>PMNT</Cd> 			<Fmly> 				<Cd>IDDT</Cd> 				<SubFmlyCd>UPDD</SubFmlyCd> 			</Fmly> 		</Domn> 		<Prtry> 			<Cd>NRTI+109+100</Cd> 			<Issr>DK</Issr> 		</Prtry> 	</BkTxCd>	 	<Chrgs> 		<Rcrd> 			<Amt Ccy="EUR">${#TestCase#Fee}</Amt> 			<ChrgInclInd>true</ChrgInclInd> 			<Tp> 				<Prtry> 					<Id>Fremdentgelt</Id> 				</Prtry> 			</Tp> 			<Agt> 				<FinInstnId> 					<BICFI>${#Project#Customer-BIC}</BICFI> 				</FinInstnId> 			</Agt> 		</Rcrd> 	</Chrgs> 	<RltdPties>		 		<Dbtr> 			<Pty> 				<Nm>${Run-GetData#Name} - Testüberweisung CAMT54 Debit</Nm> 			</Pty> 		</Dbtr> 		<DbtrAcct> 			<Id> 				<IBAN>${#Project#Customer-IBAN}</IBAN> 			</Id> 		</DbtrAcct> 		<Cdtr> 			<Pty> 				<Nm>${#Project#ChargeCustomer-1-1-CreditorName}</Nm> 				<PstlAdr> 					<Ctry>DE</Ctry> 					<AdrLine>${#Project#ChargeCustomer-1-1-CreditorStreet}</AdrLine> 					<AdrLine>>${#Project#ChargeCustomer-1-1-CreditorCity}</AdrLine> 				</PstlAdr> 				<Id> 					<PrvtId> 						<Othr> 							<Id>DE9700000000142${Run-GetData#Random3}2</Id> 						</Othr> 					</PrvtId> 				</Id> 			</Pty> 		</Cdtr>	 		<CdtrAcct> 			<Id> 				<IBAN>${#Project#ChargeCustomer-1-1-IBAN}</IBAN> 			</Id> 		</CdtrAcct> 	</RltdPties> 	<RltdAgts> 		<DbtrAgt> 			<FinInstnId> 				<BICFI>${#Project#Customer-BIC}</BICFI> 			</FinInstnId> 		</DbtrAgt> 		<CdtrAgt> 			<FinInstnId> 				<BICFI>${#Project#ChargeCustomer-1-1-BIC}</BICFI> 			</FinInstnId> 		</CdtrAgt> 	</RltdAgts> 	<RmtInf> 		<Ustrd>Test Aufladung für MSISDN: ${#TestCase#MSISDN}  + Check-code is not relevant. ${#Project#ChargeCustomer-1-1-CreditorName} SAGT DANKE</Ustrd> 	</RmtInf> 	<RtrInf> 		<Rsn> 			<Cd>${#TestCase#ReasonCode}</Cd> 		</Rsn> 		<AddtlInf>RETURN/REFUND Kein gültiges Mandat</AddtlInf> 	</RtrInf> 	<AddtlTxInf>SEPA Reject</AddtlTxInf> </TxDtls>]]></con:value>
    </con:property>
    <con:property>
      <con:name>CAMT54-Footer</con:name>
      <con:value><![CDATA[</NtryDtls> 				<AddtlNtryInf>Test: SEPA-Gutschrift oder Überweisung</AddtlNtryInf> 			</Ntry> 		</Ntfctn> 	</BkToCstmrDbtCdtNtfctn> </Document>]]></con:value>
    </con:property>
    <con:property>
      <con:name>Template-CAMT54-Debit</con:name>
      <con:value>${drc_source_dir}/CAMT54/CAMT54-Templates/CAMT54.001.08-Template-Debit.xml</con:value>
    </con:property>
    <con:property>
      <con:name>Template-CAMT54-Credit</con:name>
      <con:value>${drc_source_dir}/CAMT54/CAMT54-Templates/CAMT54.001.08-Template-Credit.xml</con:value>
    </con:property>
    <con:property>
      <con:name>Template-CAMT54-Credit-ATM</con:name>
      <con:value>${drc_source_dir}/CAMT54/CAMT54-Templates</con:value>
    </con:property>
    <con:property>
      <con:name>Type-CdtDbtInd-Credit</con:name>
      <con:value>CRDT</con:value>
    </con:property>
    <con:property>
      <con:name>Type-CdtDbtInd-Debit</con:name>
      <con:value>DBIT</con:value>
    </con:property>
    <con:property>
      <con:name>ReasonCode-Fee=0</con:name>
      <con:value>${#Project#CHARGE_BACK_MANDATE_REVOKED-Code-1}</con:value>
    </con:property>
    <con:property>
      <con:name>ReasonCode-Fee=400</con:name>
      <con:value>${#Project#CHARGE_BACK_AMBIGUOUS_BANK_DATA-Code-1}</con:value>
    </con:property>
  </con:properties>
  <con:reportParameters/>
  <con:environmentSpec>
    <con:entry environmentId="e385afea-1153-4d90-83b9-3b49a724f0ea">
      <con:authProfile>Inherit From Parent</con:authProfile>
    </con:entry>
  </con:environmentSpec>
</con:testSuite>
